<record><leader>00000cas a22000007a 4500</leader><controlfield tag="001">10095587</controlfield><controlfield tag="008">831104d18691909pauwr ne      0    0eng d</controlfield><datafield ind1=" " ind2=" " tag="010"><subfield code="a">sn 83031987 </subfield></datafield><datafield ind1=" " ind2=" " tag="040"><subfield code="a">NPU</subfield><subfield code="b">eng</subfield><subfield code="c">NPU</subfield><subfield code="d">NPX</subfield><subfield code="d">NPH</subfield><subfield code="d">TGN</subfield><subfield code="d">OCLCQ</subfield><subfield code="d">OCLCF</subfield><subfield code="d">OCLCO</subfield></datafield><datafield ind1="1" ind2=" " tag="029"><subfield code="a">AU@</subfield><subfield code="b">000026869504</subfield></datafield><datafield ind1=" " ind2=" " tag="042"><subfield code="a">msc</subfield></datafield><datafield ind1=" " ind2=" " tag="043"><subfield code="a">n-us-pa</subfield></datafield><datafield ind1="0" ind2="4" tag="245"><subfield code="a">The Bellefonte Republican.</subfield></datafield><datafield ind1=" " ind2=" " tag="260"><subfield code="a">Bellefonte, Pa. :</subfield><subfield code="b">A.B. Hutchison &amp; Co.,</subfield><subfield code="c">1869-1909.</subfield></datafield><datafield ind1=" " ind2=" " tag="300"><subfield code="a">v. ;</subfield><subfield code="c">53 cm.</subfield></datafield><datafield ind1=" " ind2=" " tag="310"><subfield code="a">Weekly</subfield></datafield><datafield ind1="0" ind2=" " tag="362"><subfield code="a">Vol. 1, no. 1 (Jan. 6, 1869)-v. 40, no. 5 (Dec. 16, 1909).</subfield></datafield><datafield ind1=" " ind2=" " tag="500"><subfield code="a">Publishers: R. Barger &amp; Co., 1870-1872; Tuten &amp; Tuten, 1873-1875.</subfield></datafield><datafield ind1=" " ind2=" " tag="515"><subfield code="a">Suspended Nov. 1872-Jan. 1, 1873.</subfield></datafield><datafield ind1=" " ind2="0" tag="651"><subfield code="a">Bellefonte (Pa.)</subfield><subfield code="v">Newspapers.</subfield></datafield><datafield ind1=" " ind2="0" tag="651"><subfield code="a">Centre County (Pa.)</subfield><subfield code="v">Newspapers.</subfield></datafield><datafield ind1=" " ind2="7" tag="655"><subfield code="a">Newspapers.</subfield><subfield code="2">fast</subfield><subfield code="0">(OCoLC)fst01423814</subfield></datafield><datafield ind1=" " ind2="7" tag="651"><subfield code="a">Pennsylvania</subfield><subfield code="z">Bellefonte.</subfield><subfield code="2">fast</subfield><subfield code="0">(OCoLC)fst01220362</subfield></datafield><datafield ind1=" " ind2="7" tag="651"><subfield code="a">Pennsylvania</subfield><subfield code="z">Centre County.</subfield><subfield code="2">fast</subfield><subfield code="0">(OCoLC)fst01207265</subfield></datafield><datafield ind1=" " ind2=" " tag="752"><subfield code="a">United States</subfield><subfield code="b">Pennsylvania</subfield><subfield code="c">Centre</subfield><subfield code="d">Bellefonte.</subfield></datafield><datafield ind1="0" ind2="5" tag="780"><subfield code="t">Bellefonte national</subfield><subfield code="w">(DLC)sn 85025168</subfield></datafield><datafield ind1="0" ind2="0" tag="785"><subfield code="t">Republican (Bellefonte, Pa. : 1909)</subfield><subfield code="w">(DLC)sn 85054876</subfield></datafield></record>